<record xmlns="http://www.loc.gov/MARC21/slim" xmlns:xsi="http://www.w3.org/2001/XMLSchema-instance" xsi:schemaLocation="http://www.loc.gov/MARC21/slim http://www.loc.gov/standards/marcxml/schema/MARC21slim.xsd"><leader>02576nam a2200397   4500</leader><controlfield tag="001">3532260</controlfield><controlfield tag="003">NIC</controlfield><controlfield tag="006">m        d        </controlfield><controlfield tag="007">cr cn |||m|||a</controlfield><controlfield tag="008">150116m19381939le ah   o     000 0 ara  </controlfield><datafield ind1=" " ind2=" " tag="040"><subfield code="a">NNU</subfield><subfield code="b">eng</subfield><subfield code="e">rda</subfield><subfield code="c">NNU</subfield></datafield><datafield ind1=" " ind2="4" tag="050"><subfield code="a">PJ25</subfield><subfield code="b">.A6 1938</subfield></datafield><datafield ind1="1" ind2=" " tag="100"><subfield code="6">880-01</subfield><subfield code="a">Ibn al-Sa&#772;&#699;a&#772;ti&#772;, &#699;Ali&#772; ibn Muh&#803;ammad,</subfield><subfield code="d">1158?-1208.</subfield></datafield><datafield ind1="1" ind2="0" tag="245"><subfield code="6">880-02</subfield><subfield code="a">Di&#772;wa&#772;n</subfield><subfield code="b">Ibn al-Sa&#772;&#699;a&#772;ti&#772; Baha&#772;&#700; al-Di&#772;n Abi&#772; al-H&#803;asan &#699;Ali&#772; ibn Rustum ibn Hardu&#772;z al-Khura&#772;sa&#772;ni&#772;, yunshar li-awwal marrah &#699;an nusakhin khat&#803;t&#803;i&#772;yah yarji&#699; ba&#699;d&#803;uha&#772; ila&#772; &#699;ahd al-Sha&#772;&#699;ir. &#699;Uniya bi-tah&#803;qi&#772;qih wa-nashrih Ani&#772;s al-Maqdisi&#772;.</subfield></datafield><datafield ind1=" " ind2=" " tag="260"><subfield code="6">880-03</subfield><subfield code="a">Bayru&#772;t,</subfield><subfield code="c">1938-1939.</subfield></datafield><datafield ind1=" " ind2=" " tag="300"><subfield code="a">online resource (2 volumes) :</subfield><subfield code="b">facsimiles</subfield></datafield><datafield ind1=" " ind2=" " tag="336"><subfield code="a">text</subfield><subfield code="2">rdacontent</subfield></datafield><datafield ind1=" " ind2=" " tag="337"><subfield code="a">computer</subfield><subfield code="2">rdamedia</subfield></datafield><datafield ind1=" " ind2=" " tag="338"><subfield code="a">online resource</subfield><subfield code="2">rdacarrier</subfield></datafield><datafield ind1=" " ind2=" " tag="500"><subfield code="a">al-Ja&#772;mi&#699;ah al-Ami&#772;rki&#772;yah fi Bayru&#772;t. Manshu&#772;ra&#772;t Kulli&#772;yat al-&#699;Ulu&#772;m wa-al-A&#772;da&#772;b. Silsilat al-&#699;Ulu&#772;m al-Sharqi&#772;yah, 12, 16.</subfield></datafield><datafield ind1=" " ind2=" " tag="500"><subfield code="a">Added t.p.: Di&#772;wa&#772;n Ibn al-Sa&#772;&#699;a&#772;ti, published for the first time from original manuscripts. Edited by Anis E. Khuri al-Makdisi.</subfield></datafield><datafield ind1=" " ind2=" " tag="500"><subfield code="a">Part of the Arabic Collections Online (ACO) project, contributed by Cornell University Libraries.</subfield></datafield><datafield ind1=" " ind2=" " tag="533"><subfield code="a">Electronic reproduction.</subfield><subfield code="b">New York, N.Y. :</subfield><subfield code="c">New York University,</subfield><subfield code="d">2015.</subfield><subfield code="5">NNU</subfield></datafield><datafield ind1="1" ind2=" " tag="700"><subfield code="6">880-04</subfield><subfield code="a">Maqdisi&#772;, Ani&#772;s. </subfield></datafield><datafield ind1="2" ind2=" " tag="710"><subfield code="a">Cornell University.</subfield><subfield code="b">Libraries.</subfield></datafield><datafield ind1="0" ind2=" " tag="730"><subfield code="a">Arabic Collections Online.</subfield></datafield><datafield ind1="0" ind2="8" tag="776"><subfield code="i">Online version:</subfield><subfield code="a">Ibn al-Sa&#772;&#699;a&#772;ti&#772;, &#699;Ali&#772; ibn Muh&#803;ammad, 1158?-1208.</subfield><subfield code="t">Di&#772;wa&#772;n.</subfield><subfield code="d">Bayru&#772;t, 1938-1939</subfield><subfield code="w">(OCoLC)622134873</subfield></datafield><datafield ind1="0" ind2="8" tag="776"><subfield code="i">Online version:</subfield><subfield code="a">Ibn al-Sa&#772;&#699;a&#772;ti&#772;, &#699;Ali&#772; ibn Muh&#803;ammad, 1158?-1208.</subfield><subfield code="t">Di&#772;wa&#772;n.</subfield><subfield code="d">Bayru&#772;t, 1938-1939</subfield><subfield code="w">(OCoLC)631114731</subfield></datafield><datafield ind1="0" ind2="8" tag="776"><subfield code="i">Print version:</subfield><subfield code="a">Ibn al-Sa&#772;&#699;a&#772;ti&#772;, &#699;Ali&#772; ibn Muh&#803;ammad, 1158?-1208.</subfield><subfield code="t">Di&#772;wa&#772;n</subfield><subfield code="w">(NIC)3532260</subfield><subfield code="w">(DLC)ne 62000124 </subfield><subfield code="w">(OCoLC)14246750</subfield></datafield><datafield ind1="4" ind2="0" tag="856"><subfield code="u">http://hdl.handle.net/2333.1/zgmsbfp6</subfield></datafield><datafield ind1="0" ind2=" " tag="880"><subfield code="6">100-01/r</subfield><subfield code="a">&#1593;&#1604;&#1610; &#1575;&#1576;&#1606; &#1605;&#1581;&#1605;&#1583; &#1575;&#1576;&#1606; &#1575;&#1604;&#1587;&#1575;&#1593;&#1575;&#1578;&#1610;.</subfield></datafield><datafield ind1="1" ind2="0" tag="880"><subfield code="6">245-02/r</subfield><subfield code="a">&#1583;&#1610;&#1608;&#1575;&#1606; :</subfield><subfield code="b">&#1575;&#1576;&#1606; &#1575;&#1604;&#1587;&#1575;&#1593;&#1575;&#1578;&#1610; &#1576;&#1607;&#1575;&#1569; &#1575;&#1604;&#1583;&#1610;&#1606; &#1575;&#1576;&#1610; &#1575;&#1604;&#1581;&#1587;&#1606; &#1593;&#1604;&#1610; &#1576;&#1606; &#1585;&#1587;&#1578;&#1605; &#1576;&#1606; &#1607;&#1585;&#1583;&#1608;&#1586; &#1575;&#1604;&#1582;&#1585;&#1575;&#1587;&#1575;&#1606;&#1610; &#1548;&#1610;&#1606;&#1588;&#1585; &#1604;&#1575;&#1608;&#1604; &#1605;&#1585;&#1577; &#1593;&#1606; &#1606;&#1587;&#1582;&#1606; &#1582;&#1591;&#1610;&#1577; &#1610;&#1585;&#1580;&#1593; &#1576;&#1593;&#1590;&#1607;&#1575; &#1575;&#1604;&#1609; &#1593;&#1607;&#1583; &#1575;&#1604;&#1588;&#1575;&#1593;&#1585;.&#1593;&#1606;&#1610;&#1609; &#1576;&#1578;&#1581;&#1602;&#1610;&#1602;&#1607; &#1608; &#1606;&#1588;&#1585;&#1607; &#1575;&#1606;&#1610;&#1587; &#1575;&#1604;&#1605;&#1602;&#1583;&#1587;&#1610;.</subfield></datafield><datafield ind1=" " ind2=" " tag="880"><subfield code="6">260-03/r</subfield><subfield code="a">&#1576;&#1610;&#1585;&#1608;&#1578; &#1548;</subfield><subfield code="c">1938-1939.</subfield></datafield><datafield ind1="1" ind2=" " tag="880"><subfield code="6">700-04/r</subfield><subfield code="a">&#1575;&#1606;&#1610;&#1587; &#1575;&#1604;&#1605;&#1602;&#1583;&#1587;&#1610;.</subfield></datafield><datafield ind1=" " ind2=" " tag="959"><subfield code="a">NNU</subfield><subfield code="b">WEB</subfield><subfield code="c">GENI</subfield><subfield code="t">0</subfield><subfield code="m">Electronic access</subfield><subfield code="s">01</subfield></datafield><datafield ind1=" " ind2=" " tag="999"><subfield code="i">NIC_3532260</subfield><subfield code="o">(OCoLC)ocm14246750</subfield></datafield></record>